2081 3461
734 31 1038 77 CAPv'r
1105 37 1244 80 XII:

125 124 131 131 ’
170 107 196 149 i
249 107 428 161 Sequitur
441 116 542 145 noua
559 100 774 159 persecutio
789 103 840 142 ab
851 102 940 142 He—

119 162 219 204 'rode
232 176 416 202 excitata.
432 162 618 200 Videmus
632 156 810 198 Ecclefiae
830 156 941 197 datas

114 215 228 258 fuisse
253 215 387 256 breues
426 216 603 255 inducias
619 241 631 261 ‚
656 227 704 253 vt
739 212 942 267 paulisper

115 270 223 325 quafi
236 271 434 325 respirrido
448 283 624 309 animum
644 271 684 308 in
698 266 866 307 futurum
881 266 942 306 te-

115 339 190 380 pus
218 327 448 382 colligeret,
474 339 518 364 ac
534 339 626 365 tunc
650 322 855 377 deintegro
872 335 942 375 pu-

116 394 273 436 gnaret.
302 385 364 420 lta
379 381 496 431 hodie
506 380 556 418 n6
570 379 622 419 est
634 393 698 418 cur
709 389 942 431 perpetuam

115 435 193 476 fibi
207 436 341 490 quiete
354 435 490 476 fideles
504 447 579 474 vna
588 433 656 474 vel
666 432 793 471 altera
808 443 942 486 pugna

117 489 297 531 defun-§ti
311 494 559 545 promittant,
570 501 637 528 aut
648 485 717 524 fibi
731 486 939 526 vacatione

108 559 260 600 'petant
285 547 440 600 qualem
465 544 608 584 habere
631 542 758 580 solent
786 542 941 581 emeriti

117 603 264 641 milites
284 615 294 638 ι
324 598 529 640 sufficiatfi
551 598 746 637 Dominus
759 595 811 637 ad
836 597 942 636 vires

118 656 349 696 reficiendas
363 655 551 708 temporis
576 650 724 705 aliquid
738 651 940 692 concedit.

117 712 341 758 Caeterum,
356 711 419 749 hic
445 707 627 748 Herodes
654 705 732 747 fuit
755 707 942 763 Agrippa

116 763 477 811 maior‚Aristobuli
486 762 604 811 filius,
615 775 732 817 quem
746 775 860 816 pater
873 776 945 801 oe-

114 821 384 862 eideratAEum
398 818 590 870 Iosephus
604 816 679 857 nus
701 830 789 856 uam
806 818 946 857 Hero-

115 877 211 919 dem
230 876 429 922 nominat,
445 872 545 913 forte
559 874 652 926 quia
696 885 838 914 ratrem
872 872 943 912 ha—

113 929 240 970 bebat
252 931 406 985 Regem
431 927 643 968 Chalcidis
659 955 671 975 ‚
684 931 749 982 qui
759 928 944 968 Herodes

113 985 349 1025 vocabatur.
361 985 442 1023 Hic
454 983 506 1024 ad
517 981 736 1023 vexandam
752 982 944 1030 Ecclefiii,

116 1055 196 1080 non
209 1054 288 1080 tam
302 1039 508 1095 religionis
524 1038 650 1079 studio
663 1033 837 1079 accensus
855 1036 943 1086 fuit,

116 1099 237 1148 quam
251 1109 294 1134 Vt
307 1094 490 1134 deliniret
505 1094 580 1134 hoc
597 1108 759 1133 munere
784 1092 944 1146 plebem

112 1150 188 1191 fibi
204 1164 337 1205 panum
352 1150 501 1203 alioqui
515 1152 746 1205 propitiam,
762 1149 826 1192 vel
841 1150 944 1192 cette

110 1208 316 1258 tyrannica
329 1205 468 1244 saeuitia
481 1233 492 1253 ,
505 1205 615 1259 quod
629 1203 700 1243 fibi
714 1205 734 1244 a
746 1206 858 1243 nouis
877 1219 946 1245 re·

117 1259 192 1300 bus
218 1273 405 1300 metueret
419 1288 430 1306 ,
446 1275 539 1314 quas
551 1261 704 1314 semper
715 1261 874 1313 tyranni
886 1259 946 1300 su·-

111 1316 263 1370 spe&as
279 1314 491 1362 habent,ne
506 1315 741 1356 conturbent
753 1315 948 1368 tranquil-

105 1371 201 1410 ·lum
216 1373 370 1425 imperii
383 1370 539 1411 statum.
583 1368 799 1410 Probabile
811 1381 943 1411 tamen

114 1425 418 1481 est,sanguinem
433 1428 633 1466 innoxium
646 1422 847 1473 fudisse‚vt
867 1439 943 1479 pro

115 1484 323 1522 communi
363 1480 530 1521 artificio
579 1483 737 1537 Regum
760 1508 775 1529 ,
798 1479 945 1521 furenti

115 1537 270 1590 populo
281 1535 570 1592 gratificaretur
585 1550 596 1574 ε
616 1538 709 1590 quia
722 1536 843 1589 paulo
854 1535 943 1589 post

113 1589 291 1631 narrabit
313 1592 441 1632 Lucas
460 1591 638 1632 custodiae
653 1592 838 1632 traditum
849 1590 942 1631 fuis-

112 1646 154 1686 se
176 1646 334 1687 Petrum
350 1673 362 1695 ,
383 1660 427 1687 vt
438 1646 651 1688 iucundum
678 1645 770 1687 esset
791 1645 941 1702 specta-

116 1702 267 1741 culum.

174 1772 196 1795 2
251 1755 400 1794 Occidit
424 1758 592 1796 iacobum.
651 1758 748 1798 Non
779 1755 938 1798 dubium

113 1809 172 1850 est
186 1803 433 1866 quin'arcana
455 1811 537 1850 Dei
551 1814 697 1853 virtute
712 1841 723 1861 ‚
739 1826 888 1854 retenta
905 1815 944 1852 &

112 1866 293 1906 cohibita
306 1865 423 1906 fuerit
434 1864 559 1906 insani
575 1867 746 1907 hominis
776 1867 943 1910 erudeli-

114 1933 188 1962 tas,
209 1935 332 1974 neque
356 1923 458 1959 enim
469 1935 547 1961 vna
558 1935 674 1977 atque
700 1923 824 1963 altera
838 1923 944 1964 caede

112 1989 350 2022 contentus,
378 1975 446 2014 fibi
467 1977 519 2015 ab
544 1978 632 2019 aliis
670 1977 944 2033 persequendis

111 2031 389 2087 temperasset,
412 2033 504 2086 quin
529 2035 660 2086 potius
683 2036 862 2089 ingentes
877 2049 944 2075 cu-

112 2086 297 2126 mulasset
311 2100 476 2126 aceruos
501 2088 683 2142 Martyrfi
703 2116 715 2136 ,
744 2088 815 2128 nifi
828 2090 941 2130 Deus

57 2159 62 2164 ·
115 2141 299 2196 opposita
328 2155 444 2185 manu
480 2157 642 2199 gregem
669 2141 774 2185 suum
797 2157 939 2186 tutatus

111 2197 225 2238 effer.
247 2199 307 2239 Ita
317 2211 438 2251 quum
452 2199 627 2238 videmus
643 2201 799 2254 pietatis
813 2199 944 2242 hostes

113 2251 228 2294 ,rabie
241 2254 476 2306 plenos,non
490 2253 608 2297 edere
619 2253 943 2300 horrendasstra-

117 2321 262 2363 geS,vt
277 2309 411 2348 omnia
425 2307 609 2365 sanguine
621 2309 810 2351 misceant
823 2338 834 2357 ‚
847 2309 945 2351 scia-

121 2375 207 2402 mus
221 2377 301 2402 non
317 2361 411 2402 fieri
434 2362 511 2405 hoe
533 2363 812 2405 moderatione
835 2365 944 2419 ipso-

119 2431 208 2458 rum
222 2418 287 2458 vel
300 2418 513 2463 clementia
527 2449 540 2469 ,
553 2419 618 2462 sed
631 2422 722 2474 quia
742 2420 944 2463 Dominus

121 2471 258 2514 ouibus
284 2474 360 2519 suis
381 2487 542 2527 parcens
559 2503 571 2522 ‚
597 2490 676 2514 non
703 2477 850 2528 patitur
878 2491 945 2518 eos

120 2540 267 2567 nocere
279 2540 464 2581 quantum
476 2531 641 2570 vellent.
655 2532 754 2570 Non
766 2543 848 2572 erat
858 2546 949 2571 cer-

119 2581 161 2622 te
179 2594 258 2622 tam
273 2581 462 2627 humanus
476 2585 541 2627 hic
555 2585 737 2626 Herodes
754 2612 765 2633 ,
781 2601 827 2626 vt
853 2601 946 2627 cen-

123 2649 207 2678 turn
240 2637 444 2676 hominum
464 2641 533 2680 vel
556 2641 727 2696 plurium
755 2639 946 2698 supplicio

122 2704 267 2747 pacem
293 2691 358 2730 vel
381 2696 614 2747 popularem
640 2698 809 2750 gratiam
836 2697 947 2737 recli-

122 2759 235 2786 xnere
245 2743 454 2786 dubitaret.
481 2749 613 2802 Qare
623 2751 718 2792 statu
725 2752 866 2793 endum
880 2752 950 2802 est,

122 2799 376 2842 constrictam
391 2804 542 2844 maiore
564 2807 732 2860 imperio
743 2805 855 2847 fuisse
868 2810 950 2849 eius

123 2854 332 2895 libidinem
347 2870 420 2905 ‚ne
442 2858 657 2898 Ecclefiam
673 2861 951 2903 vehementius

126 2923 340 2965 premeret.
378 2913 542 2951 Iacobum
566 2914 739 2963 occidit,
755 2917 946 2971 quemad·

126 2964 290 3017 modum
304 2963 374 3005 vbi
385 2963 524 3007 seditio
548 2969 601 3008 ali
630 2982 678 3009 ua
689 2982 798 3010 mota
811 2970 864 3012 est
877 3000 890 3020 ‚
905 2975 947 3012 in

121 3018 244 3076 §luces
260 3022 298 3064 ὃς
320 3022 450 3077 capit-a
474 3025 607 3068 anima
634 3027 740 3071 uerti
753 3024 880 3078 solet,
901 3041 948 3071 vt

1743 57 1815 102 ¹95

989 117 1121 144 eorum
1144 104 1334 162 supplicio
1373 109 1639 162 promiscuum
1671 114 1817 170 vulgus

988 171 1190 200 terreatur.
1206 165 1362 202 Interea
1379 165 1579 207 Dominus
1593 182 1680 208 eum
1695 184 1817 224 quem

990 213 1206 255 constantia
1221 217 1465 268 instruxerat,
1479 236 1523 262 vt
1534 222 1645 264 fortis
1661 226 1697 263 ἃ
1711 229 1818 267 mui-

994 270 1072 308 ἂυις
1086 269 1238 312 athleta
1250 273 1430 314 morie'do
1443 279 1692 326 vinceret‚ad
1704 293 1818 321 mor-—

991 335 1072 364 tem
1086 327 1170 379 rapi
1186 325 1310 380 passus
1326 327 1392 366 est.
1407 331 1467 370 Ita
1479 335 1663 388 quicquid
1676 349 1819 388 tyran-

989 380 1030 417 ni
1045 382 1310 420 machinentur
1323 409 1334 427 ,
1348 382 1456 424 Deus
1486 400 1620 427 tamen
1633 393 1821 433 victimas,

992 432 1064 472 fibi
1080 435 1182 489 grati
1195 434 1327 474 odoris
1343 436 1492 496 delegit
1504 442 1553 483 ad
1564 443 1816 494 sanciendam

991 490 1200 544 Euangelii
1215 489 1271 528 sui
1293 488 1429 532 fidem.
1456 498 1620 536 Fratrem
1654 502 1816 543 [oannis

990 545 1115 584 Lucas
1128 546 1309 584 nominat
1330 544 1435 587 hune
1449 549 1633 592 Iacobum
1658 558 1723 609 qui
1745 571 1820 596 oc-

992 597 1088 638 cisus
1101 596 1153 639 est
1167 628 1178 646 ,
1203 612 1247 639 vt
1258 600 1279 638 a
1293 601 1396 640 Filio
1409 603 1566 656 Alphaei
1591 608 1816 667 distinguat.

990 655 1101 693 Nam
1115 654 1226 709 quod
1242 655 1477 697 aliitertiurn
1500 658 1648 704 faciunt
1669 666 1818 709 Christi

995 722 1207 765 cognatum
1222 737 1235 758 ,
1248 712 1317 764 qui
1335 725 1429 752 vnus
1457 716 1606 757 tantum
1631 716 1746 762 fuerit
1772 735 1821 764 ex

994 764 1314 821 discipulis,mihi
1325 780 1404 806 non
1419 768 1625 823 probatur:
1641 779 1734 828 quia
1747 776 1819 816 fir-

995 823 1071 860 mis
1094 820 1311 861 rationibus
1337 823 1527 874 adducor,
1542 841 1589 867 ne
1600 831 1727 882 plures
1741 831 1817 873 effes

992 875 1251 916 credamAEas
1266 879 1332 926 qui
1344 879 1456 920 volet
1467 894 1579 934 petat
1594 897 1636 923 ex
1648 884 1818 931 secundo

995 930 1046 969 ad
1061 930 1224 972 Galatas
1239 935 1385 987 capite.
1421 935 1601 978 Eundem
1628 940 1751 994 igitur
1776 945 1817 982 δε

993 986 1226 1041 Apostolum
1242 989 1277 1025 δε
1303 987 1427 1028 filium
1443 990 1601 1044 Alphaei
1613 993 1723 1036 fmffe
1736 999 1818 1036 exi-

993 1039 1132 1089 stimo,
1146 1055 1264 1097 quem
1281 1043 1299 1081 ὲ
1316 1042 1468 1084 summo
1482 1050 1619 1103 templi
1632 1054 1817 1106 praecipi-

993 1109 1074 1137 tem
1085 1097 1204 1140 Iudaei
1216 1096 1419 1148 dederunt,
1435 1104 1539 1143 cuius
1553 1117 1658 1144 mors
1674 1105 1725 1145 ob
1738 1108 1817 1147 fin-

993 1152 1171 1208 gularem
1186 1152 1396 1198 satientatis
1419 1155 1580 1200 laudem
1604 1173 1816 1220 tantopere

993 1206 1197 1249 celebrata
1209 1206 1296 1248 fuit.

1045 1275 1061 1313 3
1123 1265 1253 1302 Videns
1265 1264 1356 1316 quod
1362 1262 1513 1316 placeret
1527 1268 1662 1309 Iudais.
1716 1270 1817 1312 Cla-

992 1319 1069 1356 rius
1086 1316 1177 1358 hinc
1189 1318 1446 1372 perspicimus
1460 1348 1472 1367 ‚
1487 1335 1558 1361 nec
1581 1323 1700 1381 Legis
1714 1327 1817 1366 Μο-

987 1371 1096 1412 saicae
1112 1373 1202 1412 zelo
1218 1401 1229 1420 ‚
1244 1388 1319 1413 nec
1338 1374 1431 1426 odio
1444 1375 1650 1433 Euangelii
1662 1376 1817 1437 impul-

985 1425 1068 1467 sum
1082 1426 1190 1468 fuisse
1199 1428 1409 1469 Herodem
1425 1431 1476 1471 ad
1492 1432 1707 1476 Ecclesiam
1721 1451 1817 1491 per.

989 1480 1226 1538 sequendam
1240 1512 1254 1531 ‚
1269 1483 1336 1525 sed
1348 1498 1390 1525 vt
1403 1488 1590 1539 priuatim
1612 1491 1727 1532 rebus
1739 1492 1817 1536 suis·

990 1536 1206 1578 consuleret
1223 1552 1336 1578 :nam
1349 1553 1394 1580 vt
1421 1543 1558 1597 populi
1571 1544 1747 1588 fauorem
1763 1547 1818 1588 fi·

991 1592 1035 1632 bi
1063 1606 1267 1649 comparet
1289 1622 1302 1643 ,
1321 1601 1455 1651 pergit
1478 1601 1519 1636 in
1552 1597 1618 1639 sua
1655 1603 1815 1646 saeuitia.

987 1649 1197 1689 Sciendum
1217 1649 1269 1689 cst
1293 1651 1418 1705 igitur
1439 1655 1570 1694 varias
1586 1656 1661 1697 effe
1681 1659 1817 1700 causas

985 1703 1685 1760 curhincindeimpetaturEcclefia.
1714 1712 1816 1769 saepo

988 1759 1150 1814 quidem
1163 1761 1360 1815 peruersus
1390 1763 1496 1804 zelus
1523 1766 1672 1821 impios
1686 1773 1813 1826 agitat

987 1816 1209 1869 praecipites
1222 1843 1234 1864 ,
1249 1829 1292 1856 vt
1302 1830 1377 1869 pro
1393 1817 1463 1857 suis
1479 1818 1817 1875 superstitionibus

990 1869 1240 1963 dgpugnent,
1267 1884 1313 1910 ac
1335 1871 1570 1918 sacrificium
1593 1879 1714 1920 idolis
1739 1882 1814 1924 suis

985 1938 1009 1963 o
1045 1939 1178 1973 erant,
1193 1929 1393 1967 innoxium
1405 1927 1631 1985 sanguinem
1641 1933 1815 1977 funden-

991 1978 1044 2019 do
1060 1994 1073 2016 ι
1092 1979 1155 2020 sed
1181 1983 1308 2020 maior
1331 1996 1418 2037 pars
1449 1986 1614 2039 priuatis
1652 1991 1808 2032 tantum

988 2035 1435 2078 commodisducitur.fic
1446 2041 1541 2079 olim
1556 2044 1810 2099 Nero,quun²

985 2089 1072 2145 post
1086 2088 1189 2130 vrbis
1202 2092 1428 2133 incendium
1442 2093 1677 2137 feinfamem
1693 2103 1730 2140 ἀ
1745 2113 1814 2141 ex-

986 2142 1094 2185 osum
1114 2145 1187 2186 effe
1199 2148 1349 2202 populo
1364 2150 1812 2210 cognosceret,gratian2

989 2200 1067 2240 hoc
1088 2200 1260 2242 artificio
1283 2216 1444 2245 venatus
1466 2205 1518 2244 est
1539 2235 1552 2254 ,
1578 2211 1644 2248 vel
1671 2210 1810 2253 saltem

984 2254 1187 2311 probra&
1213 2260 1475 2311 querimonias
1498 2260 1634 2302 sedare
1655 2263 1812 2317 studuit,

988 2311 1142 2366 aliquot
1153 2313 1309 2367 piorum
1334 2315 1458 2353 millia
1486 2317 1734 2361 trucidando.
1759 2325 1810 2363 In

988 2366 1154 2407 eundem
1182 2367 1345 2408 modum
1374 2369 1581 2419 Herodes,
1607 2386 1651 2413 vt
1678 2390 1811 2431 popu-

982 2420 1065 2461 lum
1080 2421 1152 2461 sibi
1165 2424 1291 2462 minus
1316 2423 1549 2467 beneuolum
1575 2426 1813 2484 demulceat,

989 2475 1238 2517 Christianos
1262 2492 1342 2517 non
1364 2479 1469 2519 secus
1500 2494 1548 2520 ac
1569 2484 1809 2529 redimendae

982 2534 1119 2588 gratiae
1131 2533 1356 2572 mercedem
1371 2537 1487 2574 morti
1500 2535 1664 2579 addicit:
1680 2555 1751 2583 nec
1763 2557 1812 2583 a·

983 2589 1041 2626 lia
1056 2586 1175 2626 hodie
1187 2586 1239 2626 est
1249 2587 1375 2627 nostra
1389 2603 1459 2628 con
1469 2589 1671 2634 ditio.nam
1687 2611 1810 2651 quum

989 2643 1169 2683 certatim
1183 2655 1320 2682 omnes
1332 2645 1370 2681 in
1385 2643 1534 2685 Christi
1545 2647 1719 2691 membra
1733 2654 1805 2694 in-

991 2696 1304 2750 saniant‚p2ucos
1321 2697 1543 2752 superstitio
1557 2702 1698 2746 incitat
1712 2723 1721 2746 ε
1736 2708 1806 2753 fed

990 2753 1062 2791 alii
1085 2754 1122 2792 se
1151 2755 1339 2794 Romano
1357 2755 1599 2797 Antichristo
1616 2772 1803 2816 tanquam

990 2805 1097 2863 frugi
1111 2810 1306 2863 mancipia
1320 2808 1535 2852 venditant:
1553 2813 1621 2854 alii
1639 2816 1807 2865 rabiofis

992 2862 1339 2903 monachorumve}
1352 2862 1479 2918 plebis
1495 2868 1807 2913 clamoribusin-

989 2918 1132 2974 dulgfft
1146 2919 1182 2958 ὅ(
1194 2916 1543 2973 obsequuntur-‚nos
1569 2929 1725 2966 interim
1738 2932 1806 2971 vi-

985 2974 1037 3011 lia
1052 2974 1193 3027 capita,
1207 2987 1341 3013 eorum
1355 2973 1531 3017 ludibriis
1546 2977 1804 3027 subjacemus:

986 3026 1056 3072 sed
1080 3040 1160 3072 vna
1183 3027 1237 3073 est
1257 3027 1482 3074 consolatio.
1503 3046 1585 3089 quae
1609 3049 1680 3075 nos
1702 3051 1806 3097 1³⁸³·

1581 3103 1676 3133 nai·
